@article{zhang2023gpu,
  title     = {A GPU-Accelerated Simulator for the DEM Analysis of Granular Systems Composed of Clump-Shaped Elements},
  author    = {Zhang, Ruochun and Vanden Heuvel, Colin and Schepelmann, Alexander and Rogg, Arno and Apostolopoulos, Dimitrios and Chandler, Samuel and Serban, Radu and Negrut, Dan},
  journal   = {Engineering with Computers},
  pages     = {1--21},
  year      = {2023},
  publisher = {Springer}
}
@article{carrier1973lunar,
  title     = {Lunar soil grain size distribution},
  author    = {Carrier III, W. David},
  journal   = {The Moon},
  volume    = {6},
  number    = {3-4},
  pages     = {250--263},
  year      = {1973},
  publisher = {Springer}
}
@article{monaghan1992smoothed,
  title     = {Smoothed Particle Hydrodynamics},
  author    = {Monaghan, J.J.},
  journal   = {Annual Review of Astronomy and Astrophysics},
  volume    = {30},
  pages     = {543--574},
  year      = {1992},
  publisher = {Annual Reviews}
}

@article{liu2010overview,
  title     = {Smoothed Particle Hydrodynamics (SPH): An Overview and Recent Developments},
  author    = {Liu, Moubin B. and Liu, G. R.},
  journal   = {Archives of Computational Methods in Engineering},
  volume    = {17},
  number    = {1},
  pages     = {25--76},
  year      = {2010},
  publisher = {Springer}
}

@article{adami2012generalized,
  title     = {A generalized wall boundary condition for smoothed particle hydrodynamics},
  author    = {Adami, S. and Hu, X.Y. and Adams, N.A.},
  journal   = {Journal of Computational Physics},
  volume    = {231},
  number    = {21},
  pages     = {7057--7075},
  year      = {2012},
  publisher = {Elsevier}
}

@article{StressBC,
  title    = {Three-dimensional modeling of granular flow impact on rigid and deformable structures},
  journal  = {Computers and Geotechnics},
  volume   = {112},
  pages    = {257-271},
  year     = {2019},
  issn     = {0266-352X},
  doi      = {https://doi.org/10.1016/j.compgeo.2019.03.019},
  url      = {https://www.sciencedirect.com/science/article/pii/S0266352X19300941},
  author   = {Ling Zhan and Chong Peng and Bingyin Zhang and Wei Wu},
  keywords = {Smoothed particle hydrodynamics, Lagrangian kernel, Hourglass control, Granular flow, Deformable structure}
}
@article{Dunatunga2015,
  title     = {Continuum modelling and simulation of granular flows through their many phases},
  author    = {Dunatunga, Sachith and Kamrin, Ken},
  journal   = {Journal of Fluid Mechanics},
  volume    = {779},
  pages     = {483--513},
  year      = {2015},
  publisher = {Cambridge University Press},
  doi       = {10.1017/jfm.2015.383},
  url       = {https://dspace.mit.edu/handle/1721.1/107838}
}
@article{Jop2006,
  title     = {A constitutive law for dense granular flows},
  author    = {Jop, Pierre and Forterre, Yo{\"e}l and Pouliquen, Olivier},
  journal   = {Nature},
  volume    = {441},
  number    = {7094},
  pages     = {727--730},
  year      = {2006},
  publisher = {Nature Publishing Group},
  doi       = {10.1038/nature04801},
  url       = {https://www.nature.com/articles/nature04801}
}
@book{liu2010sph,
  title     = {Smoothed particle hydrodynamics: a meshfree particle method},
  author    = {Liu, Gui-Rong and Liu, Moubin},
  year      = {2010},
  publisher = {World Scientific}
}